@article{francis_1994,
  title = {Shareholder {{Litigation}} and {{Corporate Disclosures}}},
  volume = {32},
  issn = {0021-8456},
  doi = {10.2307/2491279},
  timestamp = {2016-06-21T20:37:36Z},
  number = {2},
  urldate = {2016-06-21},
  url = {http://www.jstor.org/stable/2491279},
  journal = {Journal of Accounting Research},
  author = {Francis, Jennifer and Philbrick, Donna and Schipper, Katherine},
  year = {1994},
  pages = {137--164},
  groups = {RDF,litigation,litigation}
}

@comment{jabref-meta: databaseType:bibtex;}
@comment{jabref-meta: groupstree:
0 AllEntriesGroup:;
1 ExplicitGroup:CVD\;0\;;
1 ExplicitGroup:ML\;0\;;
1 ExplicitGroup:RDF\;0\;;
2 ExplicitGroup:inattention\;0\;;
2 ExplicitGroup:litigation\;0\;;
2 ExplicitGroup:theory\;0\;;
2 ExplicitGroup:practitioner\;0\;;
2 ExplicitGroup:1A\;0\;;
2 ExplicitGroup:SEC\;0\;;
2 ExplicitGroup:pub_priv_enforcement\;0\;;
2 ExplicitGroup:legal_papers\;0\;;
2 ExplicitGroup:mandatory_voluntary\;0\;;
2 ExplicitGroup:comment_letters\;0\;;
2 ExplicitGroup:textual\;0\;;
1 ExplicitGroup:inattention\;0\;;
1 ExplicitGroup:litigation\;0\;;
1 ExplicitGroup:theory\;0\;;
1 ExplicitGroup:practitioner\;0\;;
1 ExplicitGroup:1A\;0\;;
1 ExplicitGroup:SEC\;0\;;
1 ExplicitGroup:pub_priv_enforcement\;0\;;
1 ExplicitGroup:legal_papers\;0\;;
1 ExplicitGroup:mandatory_voluntary\;0\;;
1 ExplicitGroup:comment_letters\;0\;;
1 ExplicitGroup:textual\;0\;;
}

